<?xml version="1.0" encoding="UTF-8"?><collection xmlns="http://www.loc.gov/MARC21/slim"><record><leader>00426nam--2200133-i-4500</leader><controlfield tag="001">000009038</controlfield><controlfield tag="002">20161230</controlfield><controlfield tag="005">20161230201028</controlfield><controlfield tag="008">060222s1000------------r-----000-0-eng-d</controlfield><datafield ind1=" " ind2=" " tag="080"><subfield code="a">621.3.015.532.001.021.3.005.027.4</subfield></datafield><datafield ind1=" " ind2=" " tag="100"><subfield code="a">Avramescu A. S.A</subfield></datafield><datafield ind1=" " ind2=" " tag="245"><subfield code="a">Studii, cercetari si realizari ale icpe in domeniul descarcarilor partiale in echipa- mentele de inalta tensiune</subfield></datafield><datafield ind1=" " ind2=" " tag="260"><subfield code="a">Bucuresti, Cnit, 1969 22 P</subfield></datafield><datafield ind1=" " ind2=" " tag="852"><subfield code="a">31686</subfield></datafield></record></collection>